%% This BibTeX bibliography file was created using BibDesk.
%% http://bibdesk.sourceforge.net/


%% Created for Francisco at 2012-06-01 12:17:09 +0200 


%% Saved with string encoding Unicode (UTF-8) 



@misc{webservices:book,
	Author = {James Snell, Doug Tidwell, Pavel Kulchenko},
	Date-Added = {2012-06-01 10:15:43 +0000},
	Date-Modified = {2012-06-01 10:17:01 +0000},
	Publisher = {OÂ´Reilly},
	Title = {Understanding web services with SOAP},
	Year = {2001}}

@misc{youbet:book,
	Author = {Colin Cameron},
	Date-Added = {2012-06-01 10:13:26 +0000},
	Date-Modified = {2012-06-01 10:14:28 +0000},
	Publisher = {Harper Collins},
	Title = {You bet: the Betfair story - How two men change the world of gambling},
	Year = {2009}}

@misc{mastering:book,
	Author = {Pete Nordsted},
	Date-Added = {2012-06-01 10:11:15 +0000},
	Date-Modified = {2012-06-01 10:12:27 +0000},
	Edition = {1},
	Publisher = {Harriman House},
	Title = {Mastering Betfair},
	Year = {2009}}

@misc{iostechnology:web,
	Author = {Apple Inc.},
	Date-Added = {2012-05-28 14:48:25 +0000},
	Date-Modified = {2012-05-28 14:48:54 +0000},
	Title = {iOS Technology Overview},
	Url = {https://developer.apple.com/library/ios/#documentation/Miscellaneous/Conceptual/iPhoneOSTechOverview/Introduction/Introduction.html#//apple_ref/doc/uid/TP40007898}}

@misc{programming:web,
	Author = {Apple Inc.},
	Date-Added = {2012-05-28 14:47:43 +0000},
	Date-Modified = {2012-05-28 14:48:16 +0000},
	Title = {iOS App Programming Guide},
	Url = {https://developer.apple.com/library/ios/#documentation/iPhone/Conceptual/iPhoneOSProgrammingGuide/Introduction/Introduction.html#//apple_ref/doc/uid/TP40007072}}

@misc{humaninterface:web,
	Author = {Apple Inc.},
	Date-Added = {2012-05-28 14:44:46 +0000},
	Date-Modified = {2012-05-28 14:45:32 +0000},
	Title = {iOS Human Interface Guidelines},
	Url = {https://developer.apple.com/library/ios/#documentation/UserExperience/Conceptual/MobileHIG/Introduction/Introduction.html},
	Bdsk-Url-1 = {https://developer.apple.com/library/ios/#documentation/UserExperience/Conceptual/MobileHIG/Introduction/Introduction.html}}

@misc{betfairdeveloper:web,
	Author = {Betfair},
	Date-Added = {2012-05-28 14:23:29 +0000},
	Date-Modified = {2012-05-28 14:24:05 +0000},
	Title = {Betfair Developer Program},
	Urldate = {bdp.betfair.com}}

@misc{developerprogram:web,
	Author = {Apple Inc.},
	Date-Added = {2012-05-28 14:18:03 +0000},
	Date-Modified = {2012-05-28 14:21:25 +0000},
	Keywords = {apple, ios, developer, programs},
	Title = {Apple Developer Program},
	Urldate = {developer.apple.com/ios}}

@misc{apple:web,
	Author = {Apple Inc.},
	Date-Added = {2012-05-28 14:16:12 +0000},
	Date-Modified = {2012-05-28 14:16:59 +0000},
	Title = {www.apple.es},
	Urldate = {www.apple.es}}

@misc{betfair:web,
	Author = {Betfair},
	Date-Added = {2012-05-28 11:09:13 +0000},
	Date-Modified = {2012-05-28 14:16:07 +0000},
	Howpublished = {Internet},
	Keywords = {betfair},
	Month = {1},
	Title = {Betfair},
	Url = {www.betfair.com},
	Urldate = {www.betfair.com},
	Year = {2012},
	Bdsk-Url-1 = {www.betfair.com}}

@misc{Articulo:1,
	Author = {J. Carre{\~n}o},
	Date-Added = {2012-03-20 17:46:54 +0000},
	Date-Modified = {2012-05-28 11:15:40 +0000},
	Keywords = {gu{\'\i}a, apuestas, deportivas, carre{\~n}o},
	Read = {0},
	Title = {Gu{\'\i}a de apuestas deportivas},
	Urldate = {02/02/2012},
	Year = {2012}}

@misc{Libro_1,
	Author = {Jack Houghton},
	Date-Added = {2012-03-20 17:33:40 +0000},
	Date-Modified = {2012-06-01 10:17:07 +0000},
	Keywords = {Betfair, dummies, houghton},
	Publisher = {John Wiley and Sons, Ltd},
	Title = {Winning on Betfair for Dummies},
	Year = {2006}}
